<record><leader>00000cas a2200000 a 4500</leader><controlfield tag="001">11336517</controlfield><controlfield tag="008">841101d18841901ksuwr ne      0   a0eng d</controlfield><datafield ind1=" " ind2=" " tag="010"><subfield code="a">sn 84030191 </subfield></datafield><datafield ind1=" " ind2=" " tag="040"><subfield code="a">KSH</subfield><subfield code="b">eng</subfield><subfield code="c">KSH</subfield><subfield code="d">NPT</subfield><subfield code="d">NVG</subfield><subfield code="d">OCL</subfield><subfield code="d">OCLCQ</subfield><subfield code="d">OCLCF</subfield><subfield code="d">OCLCO</subfield></datafield><datafield ind1=" " ind2=" " tag="042"><subfield code="a">msc</subfield></datafield><datafield ind1=" " ind2=" " tag="043"><subfield code="a">n-us-ks</subfield></datafield><datafield ind1="0" ind2="0" tag="245"><subfield code="a">Junction City Republican.</subfield></datafield><datafield ind1=" " ind2=" " tag="260"><subfield code="a">Junction City, Kan. :</subfield><subfield code="b">Davis Co. Advance Pub. Co. :</subfield><subfield code="b">Clark &amp; Southwick,</subfield><subfield code="c">1884-1901.</subfield></datafield><datafield ind1=" " ind2=" " tag="300"><subfield code="a">16 v. ;</subfield><subfield code="c">50-64 cm.</subfield></datafield><datafield ind1=" " ind2=" " tag="310"><subfield code="a">Weekly</subfield></datafield><datafield ind1="0" ind2=" " tag="362"><subfield code="a">Vol. 3, no. 110 (Oct. 17, 1884)-v. 18, no. 957 (Feb. 1, 1901).</subfield></datafield><datafield ind1=" " ind2=" " tag="500"><subfield code="a">Published by: Clark &amp; Harvey, Sept. 3, 1886-Mar. 4, 1887; George A. Clark, Mar. 11, 1887-Feb. 1, 1901.</subfield></datafield><datafield ind1=" " ind2=" " tag="525"><subfield code="a">Has occasional supplements.</subfield></datafield><datafield ind1=" " ind2="0" tag="651"><subfield code="a">Junction City (Kan.)</subfield><subfield code="v">Newspapers.</subfield></datafield><datafield ind1=" " ind2="0" tag="651"><subfield code="a">Geary County (Kan.)</subfield><subfield code="v">Newspapers.</subfield></datafield><datafield ind1=" " ind2="7" tag="655"><subfield code="a">Newspapers.</subfield><subfield code="2">fast</subfield><subfield code="0">(OCoLC)fst01423814</subfield></datafield><datafield ind1=" " ind2="7" tag="651"><subfield code="a">Kansas</subfield><subfield code="z">Geary County.</subfield><subfield code="2">fast</subfield><subfield code="0">(OCoLC)fst01218095</subfield></datafield><datafield ind1=" " ind2="7" tag="651"><subfield code="a">Kansas</subfield><subfield code="z">Junction City.</subfield><subfield code="2">fast</subfield><subfield code="0">(OCoLC)fst01219376</subfield></datafield><datafield ind1=" " ind2=" " tag="752"><subfield code="a">United States</subfield><subfield code="b">Kansas</subfield><subfield code="c">Geary</subfield><subfield code="d">Junction City.</subfield></datafield><datafield ind1="1" ind2=" " tag="776"><subfield code="c">Microfilm</subfield><subfield code="d">Nebraska State Historical Society</subfield><subfield code="w">(DLC)sn 96080151</subfield></datafield><datafield ind1="0" ind2="0" tag="780"><subfield code="t">Davis County Republican (Junction City, Kan.)</subfield><subfield code="w">(DLC)sn 84030192</subfield></datafield><datafield ind1="0" ind2="4" tag="785"><subfield code="t">Junction City union (Junction City, Kan. : 1871)</subfield><subfield code="w">(DLC)sn 84030183</subfield></datafield></record>